10400000         247436373000173186276              00249600300050010070SINDHOSP                      CAIXA ECONOMICA FEDERAL                 20802200601441200000206000000                                                                     
10400011T01  030 2047436373000173186276              00249600300050010070SINDHOSP                      200213FENAES                            300024CNS                               000000000802200600000000                                 
1040001300001T 0600249600300050010070D000000000000000    1               31012006000000000000000104006050                         090000605232220001104953038000000000097862768177605232220001510000000000000000001280000000000                 
1040001300002U 060000000000000000000000000017350000000000005780000000000013980000000000115720000000000069450000000000000000000000000000000702200609022006110         000000000000000AUTOMACAO                     851                           
1040001300003T 0600249600300050010070D000000000000000    1               07101997000000000000000356013544                         090000550451810003104900000000000000097862768177550451810003510000000000000000001440000000000                 
1040001300004U 060000000000000000000000000015780000000000005260000000000964400000000000105200000000000063120000000000000000000000000000000602200609022006190         000000000000000CIP COMPENSACAO               851                           
1040001300005T 0600249600300050010070D000000000000000    1               31012004000000000000000104003123                         090000061766530001104922307000000000097862768177061766530001510000000000000000001280000000000                 
1040001300006U 060000000000000000000000000016480000000000005490000000000013980000000000109880000000000065940000000000000000000000000000000702200609022006110         000000000000000AUTOMACAO                     851                           
1040001300007T 0600249600300050010070D000000000000000    1               31012006000000000010520104011827                         090000026056700001104913038000001052097862768177026056700001510000000000000000001280000000000                 
1040001300008U 060000000000010520000000000015780000000000005260000000000013980000000000115720000000000073640000000000000000000000000000000702200609022006110         000000000000000AUTOMACAO                     851                           
1040001300009T 0600249600300050010070D000000000000000    1               31012006000000000000000104028819                         090000043936720001104973038000000000097862768177043936720001510000000000000000001280000000000                 
1040001300010U 060000000000000000000000000017510000000000005830000000000013980000000000116770000000000070080000000000000000000000000000000702200609022006110         000000000000000AUTOMACAO                     851                           
1040001300011T 0600249600300050010070D000000000000000    1               31012006000000000000000104011851                         090000042410900001104943038000000000097862768177042410900001510000000000000000001280000000000                 
1040001300012U 060000000000000000000000000017510000000000005830000000000013980000000000116770000000000070080000000000000000000000000000000702200609022006110         000000000000000AUTOMACAO                     851                           
1040001300013T 0600249600300050010070D000000000000000    1               24112005000000000009981104022039                         090000077133880001104982970000000998197862768177077133880001510000000000000000001280000000000                 
1040001300014U 060000000000014970000000000014970000000000004990000000000013980000000000114780000000000074860000000000000000000000000000000702200609022006110         000000000000000AUTOMACAO                     851                           
1040001300015T 0600249600300050010070D000000000000000    1               03022006000000000002711104009008                         090000018458220001104983041000000271197862768177018458220001510000000000000000001280000000000                 
1040001300016U 060000000000000000000000000004060000000000001350000000000013980000000000027110000000000016280000000000000000000000000000000702200609022006110         000000000000000AUTOMACAO                     851                           
1040001300017T 0600249600300050010070D000000000000000    1               31012003000000000000000104028819                         090000043936720001104961942000000000097862768177043936720001510000000000000000001280000000000                 
1040001300018U 060000000000000000000000000014130000000000004710000000000013980000000000094250000000000056560000000000000000000000000000000702200609022006110         000000000000000AUTOMACAO                     851                           
1040001300019T 0600249600300050010070D000000000000000    1               31012006000000000000000104009610                         090000541480100001104933038000000000097862768177541480100001510000000000000000001280000000000                 
1040001300020U 060000000000000000000000000017350000000000005780000000000013980000000000115720000000000069450000000000000000000000000000000702200609022006110         000000000000000AUTOMACAO                     851                           
1040001300021T 0600249600300050010070D000000000000000    1               31012003000000000000000104028886                         090000013266640001104931942000000000097862768177013266640001510000000000000000001280000000000                 
1040001300022U 060000000000000000000000000014230000000000004740000000000013980000000000094890000000000056950000000000000000000000000000000702200609022006110         000000000000000AUTOMACAO                     851                           
1040001300023T 0600249600300050010070D000000000000000    1               31012002000000000000000104028819                         090000043936720001104921577000000000097862768177043936720001510000000000000000001280000000000                 
1040001300024U 060000000000000000000000000011980000000000003990000000000013980000000000079870000000000047930000000000000000000000000000000702200609022006110         000000000000000AUTOMACAO                     851                           
1040001300025T 0600249600300050010070D000000000000000    1               31012006000000000010520104003468                         090000038157420001104913038000001052097862768177038157420001510000000000000000001280000000000                 
1040001300026U 060000000000013670000000000015780000000000005260000000000013980000000000118870000000000076790000000000000000000000000000000702200609022006110         000000000000000AUTOMACAO                     851                           
1040001300027T 0600249600300050010070D000000000000000    1               31012006000000000010520104011550                         090000019417900001104913038000001052097862768177019417900001510000000000000000001280000000000                 
1040001300028U 060000000000011570000000000015780000000000005260000000000013980000000000116770000000000074690000000000000000000000000000000702200609022006110         000000000000000AUTOMACAO                     851                           
1040001300029T 0600249600300050010070D000000000000000    1               28072002000000000004900104041416                         090000051351600001104991755000000490097862768177051351600001510000000000000000001280000000000                 
1040001300030U 060000000000026950000000000007350000000000002450000000000013980000000000075950000000000056350000000000000000000000000000000702200609022006110         000000000000000AUTOMACAO                     851                           
1040001300031T 0600249600300050010070D000000000000000    1               31012005000000000000000104040797                         090000014709440001104992673000000000097862768177014709440001510000000000000000001280000000000                 
1040001300032U 060000000000000000000000000019080000000000006360000000000013980000000000127210000000000076330000000000000000000000000000000702200609022006110         000000000000000AUTOMACAO                     851                           
1040001300033T 0600249600300050010070D000000000000000    1               31012005000000000009981104041416                         090000051351600001104972673000000998197862768177051351600001510000000000000000001280000000000                 
1040001300034U 060000000000024950000000000014970000000000004990000000000013980000000000124760000000000084840000000000000000000000000000000702200609022006110         000000000000000AUTOMACAO                     851                           
1040001300035T 0600249600300050010070D000000000000000    1               31012003000000000000100104040703                         090000008564240001104971942000000010097862768177008564240001510000000000000000001280000000000                 
1040001300036U 060000000000000480000000000000150000000000000050000000000013980000000000001480000000000001080000000000000000000000000000000702200609022006110         000000000000000AUTOMACAO                     851                           
1040001300037T 0600249600300050010070D000000000000000    1               31012006000000000000000104041394                         090000599420780001104993038000000000097862768177599420780001510000000000000000001280000000000                 
1040001300038U 060000000000000000000000000017510000000000005830000000000013980000000000116770000000000070080000000000000000000000000000000702200609022006110         000000000000000AUTOMACAO                     851                           
1040001300039T 0600249600300050010070D000000000000000    1               31012002000000000000000104040762                         090000042278160001104981577000000000097862768177042278160001510000000000000000001280000000000                 
1040001300040U 060000000000000000000000000008150000000000002710000000000013980000000000054390000000000032660000000000000000000000000000000702200609022006110         000000000000000AUTOMACAO                     851                           
1040001300041T 0600249600300050010070D000000000000000    1               31012006000000000010520104040320                         090000053908980001104913038000001052097862768177053908980001510000000000000000001280000000000                 
1040001300042U 060000000000011570000000000015780000000000005260000000000013980000000000116770000000000074690000000000000000000000000000000702200609022006110         000000000000000AUTOMACAO                     851                           
1040001300043T 0600249600300050010070D000000000000000    1               31012002000000000000100104040703                         090000008564240001104931577000000010097862768177008564240001510000000000000000001280000000000                 
1040001300044U 060000000000000600000000000000150000000000000050000000000013980000000000001600000000000001200000000000000000000000000000000702200609022006110         000000000000000AUTOMACAO                     851                           
1040001300045T 0600249600300050010070D000000000000000    1               26042002000000000004900104030538                         090000050195920001104981662000000490097862768177050195920001510000000000000000001280000000000                 
1040001300046U 060000000000028420000000000007350000000000002450000000000013980000000000077420000000000057820000000000000000000000000000000702200609022006110         000000000000000AUTOMACAO                     851                           
1040001300047T 0600249600300050010070D000000000000000    1               31012002000000000000000104040762                         090000603756230001104911577000000000097862768177603756230001510000000000000000001280000000000                 
1040001300048U 060000000000000000000000000008150000000000002710000000000013980000000000054390000000000032660000000000000000000000000000000702200609022006110         000000000000000AUTOMACAO                     851                           
1040001300049T 0600249600300050010070D000000000000000    1               31012004000000000000000104031496                         090000617382580001104942307000000000097862768177617382580001510000000000000000001280000000000                 
1040001300050U 060000000000000000000000000053820000000000017940000000000013980000000000358820000000000215300000000000000000000000000000000702200609022006110         000000000000000AUTOMACAO                     851                           
1040001300051T 0600249600300050010070D000000000000000    1               31012006000000000000100104040703                         090000008564240001104983038000000010097862768177008564240001510000000000000000001280000000000                 
1040001300052U 060000000000000110000000000000150000000000000050000000000013980000000000001110000000000000710000000000000000000000000000000702200609022006110         000000000000000AUTOMACAO                     851                           
1040001300053T 0600249600300050010070D000000000000000    1               31012002000000000000000104041157                         090000038618000001104911577000000000097862768177038618000001510000000000000000001280000000000                 
1040001300054U 060000000000000000000000000011830000000000003940000000000013980000000000078890000000000047350000000000000000000000000000000702200609022006110         000000000000000AUTOMACAO                     851                           
1040001300055T 0600249600300050010070D000000000000000    1               31012006000000000000000104002402                         090000032025770001104983038000000000097862768177032025770001510000000000000000001280000000000                 
1040001300056U 060000000000000000000000000017510000000000005830000000000013980000000000116770000000000070080000000000000000000000000000000702200609022006210         000000000000000AUTOMACAO                     851                           
1040001300057T 0600249600300050010070D000000000000000    1               31012006000000000000000104003441                         090000053948560001104923038000000000097862768177053948560001510000000000000000001280000000000                 
1040001300058U 060000000000000000000000000017510000000000005830000000000013980000000000116770000000000070080000000000000000000000000000000702200609022006110         000000000000000AUTOMACAO                     851                           
1040001300059T 0600249600300050010070D000000000000000    1               31012006000000000000000104010162                         090000039716570001104983038000000000097862768177039716570001510000000000000000001280000000000                 
1040001300060U 060000000000000000000000000017510000000000005830000000000013980000000000116770000000000070080000000000000000000000000000000702200609022006110         000000000000000AUTOMACAO                     851                           
1040001300061T 0600249600300050010070D000000000000000    1               31012006000000000010520104009067                         090000053170120001104933038000001052097862768177053170120001510000000000000000001280000000000                 
1040001300062U 060000000000011570000000000015780000000000005260000000000013980000000000116770000000000074690000000000000000000000000000000702200609022006110         000000000000000AUTOMACAO                     851                           
1040001300063T 0600249600300050010070D000000000000000    1               31012006000000000000000104002755                         090000732319790001104933038000000000097862768177732319790001510000000000000000001280000000000                 
1040001300064U 060000000000000000000000000020140000000000006710000000000013980000000000134270000000000080570000000000000000000000000000000702200609022006110         000000000000000AUTOMACAO                     851                           
1040001300065T 0600249600300050010070D000000000000000    1               31012006000000000000000104002410                         090000077126200001104913038000000000097862768177077126200001510000000000000000001280000000000                 
1040001300066U 060000000000000000000000000017580000000000005860000000000013980000000000117240000000000070360000000000000000000000000000000702200609022006110         000000000000000AUTOMACAO                     851                           
1040001300067T 0600249600300050010070D000000000000000    1               31012006000000000000000104002550                         090000031140320001104913038000000000097862768177031140320001510000000000000000001280000000000                 
1040001300068U 060000000000000000000000000017510000000000005830000000000013980000000000116770000000000070080000000000000000000000000000000702200609022006110         000000000000000AUTOMACAO                     851                           
1040001300069T 0600249600300050010070D000000000000000    1               07101997000000000000000356013544                         090000550451810001104900000000000000097862768177550451810001510000000000000000001440000000000                 
1040001300070U 060000000000000000000000000095670000000000031890000000000964400000000000637800000000000382680000000000000000000000000000000602200609022006190         000000000000000CIP COMPENSACAO               851                           
1040001300071T 0600249600300050010070D000000000000000    1               07101997000000000000000409013242                         090000691173150001104910000000000000097862768177691173150001510000000000000000001440000000000                 
1040001300072U 060000000000000000000000000017530000000000005840000000000964400000000000116880000000000070140000000000000000000000000000000602200609022006190         000000000000000CIP COMPENSACAO               851                           
1040001300073T 0600249600300050010070D000000000000000    1               07022006000000000017600001014222                         090000045466090001104913045000001760097862768177045466090001510000000000000000001440000000000                 
1040001300074U 060000000000000000000000000026400000000000008800000000000964400000000000176000000000000105600000000000000000000000000000000602200609022006190         000000000000000CIP COMPENSACAO               851                           
1040001300075T 0600249600300050010070D000000000000000    1               07101997000000000009981409074160                         090000073019910001104930000000000998197862768177073019910001510000000000000000001440000000000                 
1040001300076U 060000000000021960000000000014970000000000004990000000000964400000000000121770000000000081850000000000000000000000000000000602200609022006190         000000000000000CIP COMPENSACAO               851                           
1040001300077T 0600249600300050010070D000000000000000    1               28022006000000000004900033006378                         090000072568810001104973066000000490097862768177072568810001510000000000000000001440000000000                 
1040001300078U 060000000000000000000000000007350000000000002450000000000964400000000000049000000000000029400000000000000000000000000000000602200609022006190         000000000000000CIP COMPENSACAO               851                           
1040001300079T 0600249600300050010070D000000000000000    1               31012006000000000000000104010022                         090000615999320001104973038000000000097862768177615999320001510000000000000000001280000000000                 
1040001300080U 060000000000000000000000000017670000000000005890000000000013980000000000117820000000000070700000000000000000000000000000000702200609022006110         000000000000000AUTOMACAO                     851                           
1040001300081T 0600249600300050010070D000000000000000    1               31012006000000000000000104028886                         090000013266640001104943038000000000097862768177013266640001510000000000000000001280000000000                 
1040001300082U 060000000000000000000000000017670000000000005890000000000013980000000000117820000000000070700000000000000000000000000000000702200609022006110         000000000000000AUTOMACAO                     851                           
1040001300083T 0600249600300050010070D000000000000000    1               31012006000000000010520104029084                         090000048044160001104913038000001052097862768177048044160001510000000000000000001280000000000                 
1040001300084U 060000000000011570000000000015780000000000005260000000000013980000000000116770000000000074690000000000000000000000000000000702200609022006110         000000000000000AUTOMACAO                     851                           
1040001300085T 0600249600300050010070D000000000000000    1               31012006000000000000000104023221                         090000016386730001104913038000000000097862768177016386730001510000000000000000001280000000000                 
1040001300086U 060000000000000000000000000034710000000000011570000000000013980000000000231430000000000138870000000000000000000000000000000702200609022006110         000000000000000AUTOMACAO                     851                           
1040001300087T 0600249600300050010070D000000000000000    1               29122005000000000009981104016101                         090000077479820001104943005000000998197862768177077479820001510000000000000000001280000000000                 
1040001300088U 060000000000012970000000000014970000000000004990000000000013980000000000112780000000000072860000000000000000000000000000000702200609022006110         000000000000000AUTOMACAO                     851                           
1040001300089T 0600249600300050010070D000000000000000    1               31012002000000000000000104028886                         090000013266640001104911577000000000097862768177013266640001510000000000000000001280000000000                 
1040001300090U 060000000000000000000000000011860000000000003950000000000013980000000000079100000000000047470000000000000000000000000000000702200609022006110         000000000000000AUTOMACAO                     851                           
10400015         00009000000000000000000000000000000000000000000000000000000000000000000000000000000000000000328779                                                                                                                             
10499999         000001000094000000                                                                                                                                                                                                             
